[gd_scene load_steps=7 format=2]

[ext_resource path="res://Assets/Enemy/mouse_move.png" type="Texture" id=1]
[ext_resource path="res://Assets/Enemy/mouse.png" type="Texture" id=2]
[ext_resource path="res://Scripts/Enemy1.gd" type="Script" id=3]
[ext_resource path="res://Scenes/Area Trigger.tscn" type="PackedScene" id=4]

[sub_resource type="RectangleShape2D" id=2]
extents = Vector2( 52.3273, 32.1819 )

[sub_resource type="SpriteFrames" id=1]
animations = [ {
"frames": [ ExtResource( 2 ) ],
"loop": true,
"name": "idle",
"speed": 5.0
}, {
"frames": [ ExtResource( 1 ), ExtResource( 1 ) ],
"loop": true,
"name": "run",
"speed": 5.0
} ]

[node name="Enemy1" type="Node2D"]

[node name="KinematicBody2D" type="KinematicBody2D" parent="."]
script = ExtResource( 3 )

[node name="CollisionShape2D" type="CollisionShape2D" parent="KinematicBody2D"]
position = Vector2( 0.141891, 0.998001 )
shape = SubResource( 2 )

[node name="AnimatedSprite" type="AnimatedSprite" parent="KinematicBody2D"]
position = Vector2( -0.540359, -30.2602 )
scale = Vector2( -1, 1 )
frames = SubResource( 1 )
animation = "run"

[node name="Area Trigger" parent="KinematicBody2D" instance=ExtResource( 4 )]
position = Vector2( -3.05176e-05, 2.32135 )
scale = Vector2( 0.3, 0.15 )
sceneName = "Level 1"
